@article{ScalabilityDesignPrinciples,
    author = {Elasticys},
    year = {2015},
    month = {9},
    title = {Scalability Design Principles}
}